<record><leader>00000cas a2200000 a 4500</leader><controlfield tag="001">10846176</controlfield><controlfield tag="008">840615d18741903iaucr ne      0   b0nor c</controlfield><datafield ind1=" " ind2=" " tag="010"><subfield code="a">sn 84024501 </subfield></datafield><datafield ind1=" " ind2=" " tag="040"><subfield code="a">NPV</subfield><subfield code="b">eng</subfield><subfield code="c">NPV</subfield><subfield code="d">NPX</subfield><subfield code="d">INP</subfield><subfield code="d">NOP</subfield><subfield code="d">CVF</subfield><subfield code="d">OCLCQ</subfield><subfield code="d">OCLCF</subfield><subfield code="d">OCLCO</subfield></datafield><datafield ind1=" " ind2=" " tag="019"><subfield code="a">1566026</subfield></datafield><datafield ind1=" " ind2=" " tag="042"><subfield code="a">pcc</subfield></datafield><datafield ind1=" " ind2=" " tag="043"><subfield code="a">n-us-ia</subfield></datafield><datafield ind1=" " ind2="4" tag="050"><subfield code="a">AN46</subfield><subfield code="b">V42</subfield></datafield><datafield ind1="0" ind2="0" tag="245"><subfield code="a">Decorah-posten.</subfield></datafield><datafield ind1="3" ind2="0" tag="246"><subfield code="a">Decorah-posten og ved arnen</subfield></datafield><datafield ind1=" " ind2=" " tag="260"><subfield code="a">Decorah, Iowa :</subfield><subfield code="b">B. Anundsen,</subfield><subfield code="c">1874-1903.</subfield></datafield><datafield ind1=" " ind2=" " tag="300"><subfield code="a">v.</subfield></datafield><datafield ind1=" " ind2=" " tag="310"><subfield code="a">Semiweekly,</subfield><subfield code="b">4. des. 1894-6. nov. 1903</subfield></datafield><datafield ind1=" " ind2=" " tag="321"><subfield code="a">Weekly,</subfield><subfield code="b">5. sept. 1874-27. nov. 1894</subfield></datafield><datafield ind1="0" ind2=" " tag="362"><subfield code="a">5. sept. 1874-30te aarg., nr. 22 (6. nov. 1903).</subfield></datafield><datafield ind1=" " ind2=" " tag="515"><subfield code="a">Issues for -6. nov. 1903 called also l. nr.-1979.</subfield></datafield><datafield ind1=" " ind2=" " tag="546"><subfield code="a">In Norwegian.</subfield></datafield><datafield ind1=" " ind2="0" tag="650"><subfield code="a">Norwegian Americans</subfield><subfield code="z">Iowa</subfield><subfield code="v">Newspapers.</subfield></datafield><datafield ind1=" " ind2="0" tag="651"><subfield code="a">Decorah (Iowa)</subfield><subfield code="v">Newspapers.</subfield></datafield><datafield ind1=" " ind2="7" tag="655"><subfield code="a">Newspapers.</subfield><subfield code="2">fast</subfield><subfield code="0">(OCoLC)fst01423814</subfield></datafield><datafield ind1=" " ind2="7" tag="650"><subfield code="a">Norwegian Americans.</subfield><subfield code="2">fast</subfield><subfield code="0">(OCoLC)fst01039354</subfield></datafield><datafield ind1=" " ind2="7" tag="651"><subfield code="a">Iowa.</subfield><subfield code="2">fast</subfield><subfield code="0">(OCoLC)fst01205835</subfield></datafield><datafield ind1=" " ind2="7" tag="651"><subfield code="a">Iowa</subfield><subfield code="z">Decorah.</subfield><subfield code="2">fast</subfield><subfield code="0">(OCoLC)fst01218583</subfield></datafield><datafield ind1=" " ind2=" " tag="752"><subfield code="a">United States</subfield><subfield code="b">Iowa</subfield><subfield code="c">Winneshiek</subfield><subfield code="d">Decorah.</subfield></datafield><datafield ind1="0" ind2="0" tag="785"><subfield code="t">Decorah-posten og ved arnen</subfield><subfield code="w">(DLC)sn 83045473</subfield></datafield></record>